@online{omniglot,
    author = "Simon Ager",
    title = "Amharic alphabet, pronunciation and language",
    url  = "https://www.omniglot.com/writing/amharic.htm",
    addendum = "(accessed: 30.06.2018)",
    keywords = "Amharic language"
}

@article{lingua_franca,
    author = "Ronny Meyer",
    title = "Amharic as lingua franca in Ethiopia",
    journal= "Lissan",
    volume = "XX, No. I/II",
    year = "2006",
    pages = "118-131",
    url = "https://www.academia.edu/5514187/Amharic_as_lingua_franca_in_Ethiopia",
    addendum = "(accessed: 30.06.2018)",
    keywords = "Amharic language"
}

@techreport{csa_census_report,
    author = "Population Census Commission",
    title = "Population and Housing Census 2007 Report, National",
    institution = "Central Statistical Agency",
    year = "2010",
    pages = "91",
    type = "Report",
    url = "http://www.csa.gov.et/census-report/complete-report/census-2007?download=189:national-statistical",
    addendum = "(accessed: 30.06.2018)",
    keywords = "Amharic language"
}

@techreport{dc_language_access_act,
    author = "District of Columbia Office of Human Rights",
    title = "Language Access Act Fact Sheet",
    year = {2007},
    url = "https://ohr.dc.gov/sites/default/files/dc/sites/ohr/publication/attachments/LAAFactSheet-English.pdf",
    addendum = "(accessed: 30.06.2018)",
    keywords = "Amharic language"
}

@book{amharic_major_languages,
    author = "Grover Hudson",
    year = "2009",
    title = "The World's Major Languages",
    publisher = "Routledge",
    address = "London",
    pages = "594–617",
    keywords = "Amharic language"
}

@inproceedings{decrypting_english_enhanced,
    author = "K.W. Lee, C.E. Teh, Y.L. Tan",
    title = "Decrypting English Text using enhanced frequency Analysis",
    year = "2006",
    booktitle = "Proceedings of National Seminar on Science, Technology and Social Sciences",
    pages = "1-7",
    address = "Melaka, Malaysia",
    url = "https://pdfs.semanticscholar.org/5013/213db36162f6e5ae6d2f1c72fe8240adb567.pdf",
    addendum = "(accessed: 30.06.2018)",
    keywords = "frequency analysis"
}

@book{morse_code,
   author = "Russell W. Burns",
   title = "Communications: An International History of the Formative Years",
   publisher = "Institution of Electrical Engineers",
   year = "2004",
   pages = "84",
   address = "London",
   url = "https://books.google.com.et/books?id=7eUUy8-VvwoC",
   addendum = "(accessed: 30.06.2018)"
}

@online{bbc_qwerty,
    author = "Nick Baker",
    title  = "Why do we all use Qwerty keyboards?",
    url = "https://www.bbc.com/news/technology-10925456",
    addendum = "(accessed: 13.07.2018)"
}

@article{qwerty_review,
   author = "Jan Noyes",
   title = "The QWERTY keyboard: a review",
   journal = "International Journal of Man-Machine Studies",
   volume = "18, Issue 3",
   year = "1983",
   pages = "265-281"
}

@online{frequency_analysis,
    author = "Sabrina Schönhart and Armin Müller",
    title  = "The Breakthrough of Frequency Analysis",
    url = "http://cs-exhibitions.uni-klu.ac.at/index.php?id=279",
    addendum = "(accessed: 13.07.2018)",
    keywords = "frequency analysis"
}

@online{text_characterisation,
    title  = "Monogram, Bigram and Trigram frequency counts",
    url = "http://practicalcryptography.com/cryptanalysis/text-characterisation/monogram-bigram-and-trigram-frequency-counts/",
    addendum = "(accessed: 13.07.2018)",
    keywords = "frequency analysis"
}

@online{ethiopic_scripts,
    author = "Lawrence Lo",
    title = "Ancient Scripts: Ethiopic",
    url = "http://www.ancientscripts.com/ethiopic.html",
    addendum = "(accessed: 13.07.2018)",
    keywords = "frequency analysis"
}

@article{HornMorpho,
    author = "Michael Gasser",
    title = "HornMorpho: a system for morphological processing of Amharic, Oromo, and Tigrinya",
    journal= "HornMorpho",
    year = "2011",
    url = "ftp://ftp.cs.indiana.edu/pub/gasser/hltd11.pdf",
    addendum = "(accessed: 30.06.2018)",
    keywords = "Amharic language"
}
